@article{NEAT,
 author = {Kenneth O. Stanley, Risto Miikkulainen},
 title = {Evolving Neural Networks through Augmenting Topologies},
 journal = {Commun. ACM},
 volume = {10},
 number = {2},
 year = {2002},
 issn = {0001-0782},
 publisher = {MIT Press Journal},
 address = {Department of Computer Sciences, The University of Texas at Austin, Austin, TX 78712, USA},
 keywords = {neat, evolving neural networks, genetic algorithms, neural networks, neuroevolution, network topologies, speciation, competing conventions},
 note = {Online at: \url{http://nn.cs.utexas.edu/downloads/papers/stanley.ec02.pdf}}
}

@book{ai_techs,
 author = {Mat Buckland},
 title = {AI Techniques for Game Programming},
 isbn = {1-931841-08-X},
 year = {2002},
 publisher = {Premier Press},
 address = {2645 Erie Avenue, Suite 41, Cincinnati, Ohio 45208},
}